% This file was created with Citavi 6.3.0.0

@misc{amsAG.2016,
 author = {{ams AG}},
 editor = {Sparkfun},
 year = {2016},
 title = {CCS811: Ultra-Low Power Digital Gas Sensor for Monitoring Indoor Air Quality},
 url = {https://cdn.sparkfun.com/assets/learn_tutorials/1/4/3/CCS811_Datasheet-DS000459.pdf},
 urldate = {06.03.2020}
}


@misc{DepartmentofResearch&DevelopmentDepartmentofInformationTechnologiesandSystems.,
 editor = {{Department of Research {\&} Development, Department of Information Technologies and Systems}},
 title = {A Data Quality Measurement Information Model Based On ISO/IEC15939},
 url = {https://s3.amazonaws.com/academia.edu.documents/36881777/ICIQ2007-ADataQualityMeasurementInfromationModelBasedOnISOIEC15939.pdf?response-content-disposition=inline%3B%20filename%3DA_Data_Quality_Measurement_Information_M.pdf&X-Amz-Algorithm=AWS4-HMAC-SHA256&X-Amz-Credential=AKIAIWOWYYGZ2Y53UL3A%2F20200310%2Fus-east-1%2Fs3%2Faws4_request&X-Amz-Date=20200310T081440Z&X-Amz-Expires=3600&X-Amz-SignedHeaders=host&X-Amz-Signature=68ac8145994178d50baf90ab0a7557af4a341fa239938ed408aba2cd8a3c8e95},
 urldate = {10.03.2020}
}


@book{HelgaMeyer.,
 author = {{Helga Meyer}, Heinz-Josef Reher},
 title = {Projektmanagement: Von der Definition {\"u}ber die Projektplanung zum erfolgreichen Abschluss},
 url = {https://books.google.de/books?id=1ho3CwAAQBAJ&printsec=frontcover&dq=projektmanagement+von+der+definition+%C3%BCber+die+projektplanung+zum+erfolgreichen+abschluss&hl=de&sa=X&ved=0ahUKEwi66ufKpY3oAhUF06YKHSFvB7wQ6AEIMjAB#v=onepage&q=projektmanagement%20von%20der%20definition%20%C3%BCber%20die%20projektplanung%20zum%20erfolgreichen%20abschluss&f=false},
 address = {Bremen},
 urldate = {09.03.2020},
 publisher = {{Springer Gabler}},
 isbn = {978-3-658-07569-9}
}


@misc{JayAbrahamPaulJonesRaoulJetley.,
 author = {{Jay Abraham, Paul Jones, Raoul Jetley}},
 title = {Formale Verifikationsmethoden f{\"u}r die Entwicklung von High-Integrity-Software f{\"u}r Medizinische Ger{\"a}te},
 urldate = {10.03.2020}
}


@book{PeterLiggesmeyer.2009,
 author = {{Peter Liggesmeyer}},
 year = {2009},
 title = {Software-Qualit{\"a}t: Testen, Analysieren und Verifizieren von Software: Prof. Dr.-Ing.},
 url = {https://link.springer.com/content/pdf/10.1007%2F978-3-8274-2203-3.pdf},
 address = {Heidelberg},
 urldate = {10.03.2020},
 edition = {2},
 publisher = {{Spektrum Akademischer Verlag}},
 isbn = {978-3-8274-2056-5}
}


@misc{Wikipedia.01.03.2020,
 editor = {Wikipedia},
 year = {01.03.2020},
 title = {Softwaretest},
 url = {https://de.wikipedia.org/wiki/Softwaretest#Literatur},
 urldate = {10.03.2020}
}


